@INPROCEEDINGS{ours,
	AUTHOR = "H. Gunasinghe and E. Bertino",
	TITLE = "Privacy {P}reserving {B}iometrics-{B}ased and {U}ser {C}entric {A}uthentication {P}rotocol",
	BOOKTITLE = "Network and System Security - 8th International Conference, NSS 2014",
	PAGES = "15-17",
	YEAR = "2014"	}
      
@article{libsvm,
 author = {C.-C. Chang and C.-J. Lin},
 title = {{LIBSVM}: A library for support vector machines},
 journal = {ACM Transactions on Intelligent Systems and Technology},
 volume = {2},
 issue = {3},
 year = {2011},
 pages = {27:1--27:27},
 note =	 {Software available at \url{http://www.csie.ntu.edu.tw/~cjlin/libsvm}}
}

@mastersthesis{pHash,
    author    = "C. Zauner",
    title     = "Implementation and Benchmarking of Perceptual Image Hash Functions",
    school    = "Upper Austria University of Applied Sciences, Hagenberg Campus",
    year      = "2010"} 
      
@INPROCEEDINGS{pedersenCommitment,
	AUTHOR = "T. P. Pedersen",
	TITLE = "Non-Interactive and Information-Theoretic Secure Verifiable Secret Sharing",
	BOOKTITLE = "Proceedings of Advances in Cryptology - CRYPTO'91",
	YEAR = {1992}	}

@misc{HECC,
      howpublished = {http://www.mcs.csueastbay.edu/~malek/TeX/Hadamard.pdf},
      author = "California State University, East Bay",
      title = "Coding Theory - Hadamard Codes" }
